<marc:collection xmlns:marc="http://www.loc.gov/MARC21/slim" xmlns:xsi="http://www.w3.org/2001/XMLSchema-instance" xsi:schemaLocation="http://www.loc.gov/MARC21/slim http://www.loc.gov/standards/marcxml/schema/MARC21slim.xsd">
    <marc:record type="Bibliographic">
        <marc:leader>03580cem a2200649 a 4500</marc:leader>
        <marc:controlfield tag="001">7768571</marc:controlfield>
        <marc:controlfield tag="005">20140131080228.0</marc:controlfield>
        <marc:controlfield tag="007">aj canzn</marc:controlfield>
        <marc:controlfield tag="008">850220m19019999gw dg     b  s  0   ger d</marc:controlfield>
        <marc:datafield tag="035" ind1=" " ind2=" ">
            <marc:subfield code="a">(OCoLC)ocm21752771</marc:subfield>
        </marc:datafield>
        <marc:datafield tag="040" ind1=" " ind2=" ">
            <marc:subfield code="a">CUY</marc:subfield>
            <marc:subfield code="b">eng</marc:subfield>
            <marc:subfield code="c">CUY</marc:subfield>
            <marc:subfield code="d">OCL</marc:subfield>
            <marc:subfield code="d">OCLCQ</marc:subfield>
            <marc:subfield code="d">ZWZ</marc:subfield>
            <marc:subfield code="d">CUY</marc:subfield>
            <marc:subfield code="d">OCLCQ</marc:subfield>
            <marc:subfield code="d">NjP</marc:subfield>
        </marc:datafield>
        <marc:datafield tag="034" ind1="1" ind2=" ">
            <marc:subfield code="a">a</marc:subfield>
            <marc:subfield code="b">1000000</marc:subfield>
        </marc:datafield>
        <marc:datafield tag="035" ind1=" " ind2=" ">
            <marc:subfield code="a">(OCoLC)21752771</marc:subfield>
        </marc:datafield>
        <marc:datafield tag="043" ind1=" " ind2=" ">
            <marc:subfield code="a">a-cc---</marc:subfield>
            <marc:subfield code="a">a-kr---</marc:subfield>
        </marc:datafield>
        <marc:datafield tag="052" ind1=" " ind2=" ">
            <marc:subfield code="a">7820</marc:subfield>
        </marc:datafield>
        <marc:datafield tag="090" ind1=" " ind2=" ">
            <marc:subfield code="a">G7820 s1000</marc:subfield>
            <marc:subfield code="b">.P7</marc:subfield>
        </marc:datafield>
        <marc:datafield tag="110" ind1="1" ind2=" ">
            <marc:subfield code="a">Prussia (Germany).</marc:subfield>
            <marc:subfield code="b">Landesaufnahme.</marc:subfield>
            <marc:subfield code="b">Kartogr. Abteilung.</marc:subfield>
        </marc:datafield>
        <marc:datafield tag="245" ind1="1" ind2="0">
            <marc:subfield code="a">Karte von Ost-China</marc:subfield>
            <marc:subfield code="h">[map] /</marc:subfield>
            <marc:subfield code="c">Kartographische Abteilung der Königl. Preuss. Landes-Aufnahme.</marc:subfield>
        </marc:datafield>
        <marc:datafield tag="255" ind1=" " ind2=" ">
            <marc:subfield code="a">Scale 1:1,000,000.</marc:subfield>
        </marc:datafield>
        <marc:datafield tag="260" ind1=" " ind2=" ">
            <marc:subfield code="a">[Berlin] :</marc:subfield>
            <marc:subfield code="b">Königl. Preuss. Landes-Aufnahme,</marc:subfield>
            <marc:subfield code="c">1901-</marc:subfield>
        </marc:datafield>
        <marc:datafield tag="300" ind1=" " ind2=" ">
            <marc:subfield code="a">maps :</marc:subfield>
            <marc:subfield code="b">col. ;</marc:subfield>
            <marc:subfield code="c">47 x 50 cm. +</marc:subfield>
            <marc:subfield code="e">1 index map.</marc:subfield>
        </marc:datafield>
        <marc:datafield tag="500" ind1=" " ind2=" ">
            <marc:subfield code="a">Set covers eastern China, Korea and adjacent parts of Mongolia.</marc:subfield>
        </marc:datafield>
        <marc:datafield tag="500" ind1=" " ind2=" ">
            <marc:subfield code="a">Some sheets in German and Chinese.</marc:subfield>
        </marc:datafield>
        <marc:datafield tag="500" ind1=" " ind2=" ">
            <marc:subfield code="a">Various issues of some sheets.</marc:subfield>
        </marc:datafield>
        <marc:datafield tag="500" ind1=" " ind2=" ">
            <marc:subfield code="a">Relief shown by shading and spot heights.</marc:subfield>
        </marc:datafield>
        <marc:datafield tag="500" ind1=" " ind2=" ">
            <marc:subfield code="a">Geographic coverage complete in 22 sheets.</marc:subfield>
        </marc:datafield>
        <marc:datafield tag="505" ind1="0" ind2=" ">
            <marc:subfield code="a">Amoy -- Tschung king fu -- Yi tschang fu -- Mukden -- Nanking -- Tsi nan fu -- Tsingtau -- Söul -- Saïrussu -- Nan tschang fu -- Kirin -- Hsi ngan fu -- Tie ling hsiën -- Wladiwostok -- Yu lin fu -- Kwëi lin fu -- Pyöng yang -- Peking -- Hankau --Futschau -- Dolon Nor -- Canton.</marc:subfield>
        </marc:datafield>
        <marc:datafield tag="561" ind1=" " ind2=" ">
            <marc:subfield code="a">Historic Maps copy has stamp of the French Book Store, Grand Hôtel de Pékin, Peping (Peking), on each sheet.</marc:subfield>
            <marc:subfield code="5">NjP</marc:subfield>
        </marc:datafield>
        <marc:datafield tag="651" ind1=" " ind2="0">
            <marc:subfield code="a">China</marc:subfield>
            <marc:subfield code="v">Maps.</marc:subfield>
        </marc:datafield>
        <marc:datafield tag="651" ind1=" " ind2="0">
            <marc:subfield code="a">Korea</marc:subfield>
            <marc:subfield code="v">Maps.</marc:subfield>
        </marc:datafield>
        <marc:datafield tag="655" ind1=" " ind2="7">
            <marc:subfield code="a">Maps</marc:subfield>
            <marc:subfield code="z">China</marc:subfield>
            <marc:subfield code="y">1901.</marc:subfield>
            <marc:subfield code="2">aat</marc:subfield>
        </marc:datafield>
        <marc:datafield tag="655" ind1=" " ind2="7">
            <marc:subfield code="a">Maps</marc:subfield>
            <marc:subfield code="z">Korea</marc:subfield>
            <marc:subfield code="y">1901.</marc:subfield>
            <marc:subfield code="2">aat</marc:subfield>
        </marc:datafield>
        <marc:datafield tag="710" ind1="2" ind2=" ">
            <marc:subfield code="a">French Bookstore (Beijing, China),</marc:subfield>
            <marc:subfield code="e">mapseller.</marc:subfield>
            <marc:subfield code="5">NjP</marc:subfield>
        </marc:datafield>
        <marc:datafield tag="856" ind1="4" ind2="1">
            <marc:subfield code="z">See the map (Amoy)</marc:subfield>
            <marc:subfield code="u">http://gisserver.princeton.edu/map/28336</marc:subfield>
        </marc:datafield>
        <marc:datafield tag="856" ind1="4" ind2="1">
            <marc:subfield code="z">See the map (Tschung king fu)</marc:subfield>
            <marc:subfield code="u">http://gisserver.princeton.edu/map/28337</marc:subfield>
        </marc:datafield>
        <marc:datafield tag="856" ind1="4" ind2="1">
            <marc:subfield code="z">See the map (Yi tschang fu)</marc:subfield>
            <marc:subfield code="u">http://gisserver.princeton.edu/map/28338</marc:subfield>
        </marc:datafield>
        <marc:datafield tag="856" ind1="4" ind2="1">
            <marc:subfield code="z">See the map (Mukden)</marc:subfield>
            <marc:subfield code="u">http://gisserver.princeton.edu/map/28339</marc:subfield>
        </marc:datafield>
        <marc:datafield tag="856" ind1="4" ind2="1">
            <marc:subfield code="z">See the map (Nanking)</marc:subfield>
            <marc:subfield code="u">http://gisserver.princeton.edu/map/28340</marc:subfield>
        </marc:datafield>
        <marc:datafield tag="856" ind1="4" ind2="1">
            <marc:subfield code="z">See the map (Tsi nan fu)</marc:subfield>
            <marc:subfield code="u">http://gisserver.princeton.edu/map/28341</marc:subfield>
        </marc:datafield>
        <marc:datafield tag="856" ind1="4" ind2="1">
            <marc:subfield code="z">See the map (Tsingtau)</marc:subfield>
            <marc:subfield code="u">http://gisserver.princeton.edu/map/28342</marc:subfield>
        </marc:datafield>
        <marc:datafield tag="856" ind1="4" ind2="1">
            <marc:subfield code="z">See the map (Söul)</marc:subfield>
            <marc:subfield code="u">http://gisserver.princeton.edu/map/28343</marc:subfield>
        </marc:datafield>
        <marc:datafield tag="856" ind1="4" ind2="1">
            <marc:subfield code="z">See the map (Saïrussu)</marc:subfield>
            <marc:subfield code="u">http://gisserver.princeton.edu/map/28344</marc:subfield>
        </marc:datafield>
        <marc:datafield tag="856" ind1="4" ind2="1">
            <marc:subfield code="z">See the map (Nan tschang fu)</marc:subfield>
            <marc:subfield code="u">http://gisserver.princeton.edu/map/28345</marc:subfield>
        </marc:datafield>
        <marc:datafield tag="856" ind1="4" ind2="1">
            <marc:subfield code="z">See the map (Kirin)</marc:subfield>
            <marc:subfield code="u">http://gisserver.princeton.edu/map/28346</marc:subfield>
        </marc:datafield>
        <marc:datafield tag="856" ind1="4" ind2="1">
            <marc:subfield code="z">See the map (Hsi ngan fu)</marc:subfield>
            <marc:subfield code="u">http://gisserver.princeton.edu/map/28347</marc:subfield>
        </marc:datafield>
        <marc:datafield tag="856" ind1="4" ind2="1">
            <marc:subfield code="z">See the map (Tie ling hsiën)</marc:subfield>
            <marc:subfield code="u">http://gisserver.princeton.edu/map/28348</marc:subfield>
        </marc:datafield>
        <marc:datafield tag="856" ind1="4" ind2="1">
            <marc:subfield code="z">See the map (Wladiwostok)</marc:subfield>
            <marc:subfield code="u">http://gisserver.princeton.edu/map/28349</marc:subfield>
        </marc:datafield>
        <marc:datafield tag="856" ind1="4" ind2="1">
            <marc:subfield code="z">See the map (Yu lin fu)</marc:subfield>
            <marc:subfield code="u">http://gisserver.princeton.edu/map/28350</marc:subfield>
        </marc:datafield>
        <marc:datafield tag="856" ind1="4" ind2="1">
            <marc:subfield code="z">See the map (Kwëi lin fu)</marc:subfield>
            <marc:subfield code="u">http://gisserver.princeton.edu/map/28351</marc:subfield>
        </marc:datafield>
        <marc:datafield tag="856" ind1="4" ind2="1">
            <marc:subfield code="z">See the map (Pyöng yang)</marc:subfield>
            <marc:subfield code="u">http://gisserver.princeton.edu/map/28352</marc:subfield>
        </marc:datafield>
        <marc:datafield tag="856" ind1="4" ind2="1">
            <marc:subfield code="z">See the map (Peking)</marc:subfield>
            <marc:subfield code="u">http://gisserver.princeton.edu/map/28353</marc:subfield>
        </marc:datafield>
        <marc:datafield tag="856" ind1="4" ind2="1">
            <marc:subfield code="z">See the map (Hankau)</marc:subfield>
            <marc:subfield code="u">http://gisserver.princeton.edu/map/28354</marc:subfield>
        </marc:datafield>
        <marc:datafield tag="856" ind1="4" ind2="1">
            <marc:subfield code="z">See the map (Futschau)</marc:subfield>
            <marc:subfield code="u">http://gisserver.princeton.edu/map/28355</marc:subfield>
        </marc:datafield>
        <marc:datafield tag="856" ind1="4" ind2="1">
            <marc:subfield code="z">See the map (Dolon Nor)</marc:subfield>
            <marc:subfield code="u">http://gisserver.princeton.edu/map/28356</marc:subfield>
        </marc:datafield>
        <marc:datafield tag="856" ind1="4" ind2="1">
            <marc:subfield code="z">See the map (Canton)</marc:subfield>
            <marc:subfield code="u">http://gisserver.princeton.edu/map/28357</marc:subfield>
        </marc:datafield>
        <marc:datafield tag="904" ind1=" " ind2=" ">
            <marc:subfield code="a">gls</marc:subfield>
            <marc:subfield code="b">g</marc:subfield>
            <marc:subfield code="h">m</marc:subfield>
            <marc:subfield code="c">p</marc:subfield>
            <marc:subfield code="e">20130925</marc:subfield>
        </marc:datafield>
        <marc:datafield tag="902" ind1=" " ind2=" ">
            <marc:subfield code="a">gls</marc:subfield>
            <marc:subfield code="b">m</marc:subfield>
            <marc:subfield code="6">e</marc:subfield>
            <marc:subfield code="7">m</marc:subfield>
            <marc:subfield code="d">v</marc:subfield>
            <marc:subfield code="f">20</marc:subfield>
            <marc:subfield code="e">20130926</marc:subfield>
        </marc:datafield>
    </marc:record>
    <marc:record type="Holdings">
        <marc:leader>00171nx  a22000851  4500</marc:leader>
        <marc:controlfield tag="001">7561999</marc:controlfield>
        <marc:controlfield tag="004">7768571</marc:controlfield>
        <marc:controlfield tag="005">20130925144139.0</marc:controlfield>
        <marc:controlfield tag="008">1309254u    8   1001uu   0901128</marc:controlfield>
        <marc:datafield tag="852" ind1="0" ind2=" ">
            <marc:subfield code="b">map</marc:subfield>
            <marc:subfield code="h">HMC01.876</marc:subfield>
        </marc:datafield>
    </marc:record>
    <marc:record type="Holdings">
        <marc:leader>00171nx  a22000851  4500</marc:leader>
        <marc:controlfield tag="001">7563056</marc:controlfield>
        <marc:controlfield tag="004">7768571</marc:controlfield>
        <marc:controlfield tag="005">20130926133621.0</marc:controlfield>
        <marc:controlfield tag="008">1309264u    8   1001uu   0901128</marc:controlfield>
        <marc:datafield tag="852" ind1="0" ind2=" ">
            <marc:subfield code="b">map</marc:subfield>
            <marc:subfield code="h">HMC01.877</marc:subfield>
        </marc:datafield>
    </marc:record>
    <marc:record type="Holdings">
        <marc:leader>00171nx  a22000851  4500</marc:leader>
        <marc:controlfield tag="001">7563060</marc:controlfield>
        <marc:controlfield tag="004">7768571</marc:controlfield>
        <marc:controlfield tag="005">20130926133828.0</marc:controlfield>
        <marc:controlfield tag="008">1309264u    8   1001uu   0901128</marc:controlfield>
        <marc:datafield tag="852" ind1="0" ind2=" ">
            <marc:subfield code="b">map</marc:subfield>
            <marc:subfield code="h">HMC01.878</marc:subfield>
        </marc:datafield>
    </marc:record>
    <marc:record type="Holdings">
        <marc:leader>00171nx  a22000851  4500</marc:leader>
        <marc:controlfield tag="001">7563067</marc:controlfield>
        <marc:controlfield tag="004">7768571</marc:controlfield>
        <marc:controlfield tag="005">20130926134052.0</marc:controlfield>
        <marc:controlfield tag="008">1309264u    8   1001uu   0901128</marc:controlfield>
        <marc:datafield tag="852" ind1="0" ind2=" ">
            <marc:subfield code="b">map</marc:subfield>
            <marc:subfield code="h">HMC01.879</marc:subfield>
        </marc:datafield>
    </marc:record>
    <marc:record type="Holdings">
        <marc:leader>00171nx  a22000851  4500</marc:leader>
        <marc:controlfield tag="001">7563073</marc:controlfield>
        <marc:controlfield tag="004">7768571</marc:controlfield>
        <marc:controlfield tag="005">20130926134323.0</marc:controlfield>
        <marc:controlfield tag="008">1309264u    8   1001uu   0901128</marc:controlfield>
        <marc:datafield tag="852" ind1="0" ind2=" ">
            <marc:subfield code="b">map</marc:subfield>
            <marc:subfield code="h">HMC01.880</marc:subfield>
        </marc:datafield>
    </marc:record>
    <marc:record type="Holdings">
        <marc:leader>00171nx  a22000851  4500</marc:leader>
        <marc:controlfield tag="001">7563078</marc:controlfield>
        <marc:controlfield tag="004">7768571</marc:controlfield>
        <marc:controlfield tag="005">20130926134545.0</marc:controlfield>
        <marc:controlfield tag="008">1309264u    8   1001uu   0901128</marc:controlfield>
        <marc:datafield tag="852" ind1="0" ind2=" ">
            <marc:subfield code="b">map</marc:subfield>
            <marc:subfield code="h">HMC01.881</marc:subfield>
        </marc:datafield>
    </marc:record>
    <marc:record type="Holdings">
        <marc:leader>00171nx  a22000851  4500</marc:leader>
        <marc:controlfield tag="001">7563082</marc:controlfield>
        <marc:controlfield tag="004">7768571</marc:controlfield>
        <marc:controlfield tag="005">20130926134757.0</marc:controlfield>
        <marc:controlfield tag="008">1309264u    8   1001uu   0901128</marc:controlfield>
        <marc:datafield tag="852" ind1="0" ind2=" ">
            <marc:subfield code="b">map</marc:subfield>
            <marc:subfield code="h">HMC01.882</marc:subfield>
        </marc:datafield>
    </marc:record>
    <marc:record type="Holdings">
        <marc:leader>00171nx  a22000851  4500</marc:leader>
        <marc:controlfield tag="001">7563086</marc:controlfield>
        <marc:controlfield tag="004">7768571</marc:controlfield>
        <marc:controlfield tag="005">20130926135024.0</marc:controlfield>
        <marc:controlfield tag="008">1309264u    8   1001uu   0901128</marc:controlfield>
        <marc:datafield tag="852" ind1="0" ind2=" ">
            <marc:subfield code="b">map</marc:subfield>
            <marc:subfield code="h">HMC01.883</marc:subfield>
        </marc:datafield>
    </marc:record>
    <marc:record type="Holdings">
        <marc:leader>00171nx  a22000851  4500</marc:leader>
        <marc:controlfield tag="001">7563176</marc:controlfield>
        <marc:controlfield tag="004">7768571</marc:controlfield>
        <marc:controlfield tag="005">20130926144955.0</marc:controlfield>
        <marc:controlfield tag="008">1309264u    8   1001uu   0901128</marc:controlfield>
        <marc:datafield tag="852" ind1="0" ind2=" ">
            <marc:subfield code="b">map</marc:subfield>
            <marc:subfield code="h">HMC01.884</marc:subfield>
        </marc:datafield>
    </marc:record>
    <marc:record type="Holdings">
        <marc:leader>00171nx  a22000851  4500</marc:leader>
        <marc:controlfield tag="001">7563184</marc:controlfield>
        <marc:controlfield tag="004">7768571</marc:controlfield>
        <marc:controlfield tag="005">20130926145306.0</marc:controlfield>
        <marc:controlfield tag="008">1309264u    8   1001uu   0901128</marc:controlfield>
        <marc:datafield tag="852" ind1="0" ind2=" ">
            <marc:subfield code="b">map</marc:subfield>
            <marc:subfield code="h">HMC01.885</marc:subfield>
        </marc:datafield>
    </marc:record>
    <marc:record type="Holdings">
        <marc:leader>00171nx  a22000851  4500</marc:leader>
        <marc:controlfield tag="001">7563189</marc:controlfield>
        <marc:controlfield tag="004">7768571</marc:controlfield>
        <marc:controlfield tag="005">20130926145500.0</marc:controlfield>
        <marc:controlfield tag="008">1309264u    8   1001uu   0901128</marc:controlfield>
        <marc:datafield tag="852" ind1="0" ind2=" ">
            <marc:subfield code="b">map</marc:subfield>
            <marc:subfield code="h">HMC01.886</marc:subfield>
        </marc:datafield>
    </marc:record>
    <marc:record type="Holdings">
        <marc:leader>00171nx  a22000851  4500</marc:leader>
        <marc:controlfield tag="001">7563240</marc:controlfield>
        <marc:controlfield tag="004">7768571</marc:controlfield>
        <marc:controlfield tag="005">20130926145717.0</marc:controlfield>
        <marc:controlfield tag="008">1309264u    8   1001uu   0901128</marc:controlfield>
        <marc:datafield tag="852" ind1="0" ind2=" ">
            <marc:subfield code="b">map</marc:subfield>
            <marc:subfield code="h">HMC01.887</marc:subfield>
        </marc:datafield>
    </marc:record>
    <marc:record type="Holdings">
        <marc:leader>00171nx  a22000851  4500</marc:leader>
        <marc:controlfield tag="001">7563244</marc:controlfield>
        <marc:controlfield tag="004">7768571</marc:controlfield>
        <marc:controlfield tag="005">20130926145924.0</marc:controlfield>
        <marc:controlfield tag="008">1309264u    8   1001uu   0901128</marc:controlfield>
        <marc:datafield tag="852" ind1="0" ind2=" ">
            <marc:subfield code="b">map</marc:subfield>
            <marc:subfield code="h">HMC01.888</marc:subfield>
        </marc:datafield>
    </marc:record>
    <marc:record type="Holdings">
        <marc:leader>00171nx  a22000851  4500</marc:leader>
        <marc:controlfield tag="001">7563614</marc:controlfield>
        <marc:controlfield tag="004">7768571</marc:controlfield>
        <marc:controlfield tag="005">20130927100230.0</marc:controlfield>
        <marc:controlfield tag="008">1309274u    8   1001uu   0901128</marc:controlfield>
        <marc:datafield tag="852" ind1="0" ind2=" ">
            <marc:subfield code="b">map</marc:subfield>
            <marc:subfield code="h">HMC01.889</marc:subfield>
        </marc:datafield>
    </marc:record>
    <marc:record type="Holdings">
        <marc:leader>00171nx  a22000851  4500</marc:leader>
        <marc:controlfield tag="001">7563621</marc:controlfield>
        <marc:controlfield tag="004">7768571</marc:controlfield>
        <marc:controlfield tag="005">20130927100750.0</marc:controlfield>
        <marc:controlfield tag="008">1309274u    8   1001uu   0901128</marc:controlfield>
        <marc:datafield tag="852" ind1="0" ind2=" ">
            <marc:subfield code="b">map</marc:subfield>
            <marc:subfield code="h">HMC01.890</marc:subfield>
        </marc:datafield>
    </marc:record>
    <marc:record type="Holdings">
        <marc:leader>00171nx  a22000851  4500</marc:leader>
        <marc:controlfield tag="001">7563622</marc:controlfield>
        <marc:controlfield tag="004">7768571</marc:controlfield>
        <marc:controlfield tag="005">20130927101045.0</marc:controlfield>
        <marc:controlfield tag="008">1309274u    8   1001uu   0901128</marc:controlfield>
        <marc:datafield tag="852" ind1="0" ind2=" ">
            <marc:subfield code="b">map</marc:subfield>
            <marc:subfield code="h">HMC01.891</marc:subfield>
        </marc:datafield>
    </marc:record>
    <marc:record type="Holdings">
        <marc:leader>00171nx  a22000851  4500</marc:leader>
        <marc:controlfield tag="001">7563625</marc:controlfield>
        <marc:controlfield tag="004">7768571</marc:controlfield>
        <marc:controlfield tag="005">20130927101306.0</marc:controlfield>
        <marc:controlfield tag="008">1309274u    8   1001uu   0901128</marc:controlfield>
        <marc:datafield tag="852" ind1="0" ind2=" ">
            <marc:subfield code="b">map</marc:subfield>
            <marc:subfield code="h">HMC01.892</marc:subfield>
        </marc:datafield>
    </marc:record>
    <marc:record type="Holdings">
        <marc:leader>00171nx  a22000851  4500</marc:leader>
        <marc:controlfield tag="001">7563627</marc:controlfield>
        <marc:controlfield tag="004">7768571</marc:controlfield>
        <marc:controlfield tag="005">20130927101542.0</marc:controlfield>
        <marc:controlfield tag="008">1309274u    8   1001uu   0901128</marc:controlfield>
        <marc:datafield tag="852" ind1="0" ind2=" ">
            <marc:subfield code="b">map</marc:subfield>
            <marc:subfield code="h">HMC01.893</marc:subfield>
        </marc:datafield>
    </marc:record>
    <marc:record type="Holdings">
        <marc:leader>00171nx  a22000851  4500</marc:leader>
        <marc:controlfield tag="001">7563630</marc:controlfield>
        <marc:controlfield tag="004">7768571</marc:controlfield>
        <marc:controlfield tag="005">20130927101759.0</marc:controlfield>
        <marc:controlfield tag="008">1309274u    8   1001uu   0901128</marc:controlfield>
        <marc:datafield tag="852" ind1="0" ind2=" ">
            <marc:subfield code="b">map</marc:subfield>
            <marc:subfield code="h">HMC01.894</marc:subfield>
        </marc:datafield>
    </marc:record>
    <marc:record type="Holdings">
        <marc:leader>00171nx  a22000851  4500</marc:leader>
        <marc:controlfield tag="001">7563634</marc:controlfield>
        <marc:controlfield tag="004">7768571</marc:controlfield>
        <marc:controlfield tag="005">20130927102108.0</marc:controlfield>
        <marc:controlfield tag="008">1309274u    8   1001uu   0901128</marc:controlfield>
        <marc:datafield tag="852" ind1="0" ind2=" ">
            <marc:subfield code="b">map</marc:subfield>
            <marc:subfield code="h">HMC01.895</marc:subfield>
        </marc:datafield>
    </marc:record>
    <marc:record type="Holdings">
        <marc:leader>00171nx  a22000851  4500</marc:leader>
        <marc:controlfield tag="001">7563640</marc:controlfield>
        <marc:controlfield tag="004">7768571</marc:controlfield>
        <marc:controlfield tag="005">20130927102320.0</marc:controlfield>
        <marc:controlfield tag="008">1309274u    8   1001uu   0901128</marc:controlfield>
        <marc:datafield tag="852" ind1="0" ind2=" ">
            <marc:subfield code="b">map</marc:subfield>
            <marc:subfield code="h">HMC01.896</marc:subfield>
        </marc:datafield>
    </marc:record>
    <marc:record type="Holdings">
        <marc:leader>00171nx  a22000851  4500</marc:leader>
        <marc:controlfield tag="001">7563642</marc:controlfield>
        <marc:controlfield tag="004">7768571</marc:controlfield>
        <marc:controlfield tag="005">20130927102514.0</marc:controlfield>
        <marc:controlfield tag="008">1309274u    8   1001uu   0901128</marc:controlfield>
        <marc:datafield tag="852" ind1="0" ind2=" ">
            <marc:subfield code="b">map</marc:subfield>
            <marc:subfield code="h">HMC01.897</marc:subfield>
        </marc:datafield>
    </marc:record>
</marc:collection>
